%-----------------------------------------------------------------------------------------------------------------------

@inproceedings{devlin-etal-2019-bert,
    title = "{BERT}: Pre-training of Deep Bidirectional Transformers for Language Understanding",
    author = "Devlin, Jacob  and
      Chang, Ming-Wei  and
      Lee, Kenton  and
      Toutanova, Kristina",
    booktitle = "Proceedings of the 2019 Conference of the North {A}merican Chapter of the Association for Computational Linguistics: Human Language Technologies, Volume 1 (Long and Short Papers)",
    month = jun,
    year = "2019",
    address = "Minneapolis, Minnesota",
    publisher = "Association for Computational Linguistics",
    url = "https://aclanthology.org/N19-1423",
    doi = "10.18653/v1/N19-1423",
    pages = "4171--4186",
    abstract = "We introduce a new language representation model called BERT, which stands for Bidirectional Encoder Representations from Transformers. Unlike recent language representation models (Peters et al., 2018a; Radford et al., 2018), BERT is designed to pre-train deep bidirectional representations from unlabeled text by jointly conditioning on both left and right context in all layers. As a result, the pre-trained BERT model can be fine-tuned with just one additional output layer to create state-of-the-art models for a wide range of tasks, such as question answering and language inference, without substantial task-specific architecture modifications. BERT is conceptually simple and empirically powerful. It obtains new state-of-the-art results on eleven natural language processing tasks, including pushing the GLUE score to 80.5 (7.7 point absolute improvement), MultiNLI accuracy to 86.7{\%} (4.6{\%} absolute improvement), SQuAD v1.1 question answering Test F1 to 93.2 (1.5 point absolute improvement) and SQuAD v2.0 Test F1 to 83.1 (5.1 point absolute improvement).",
}

%-----------------------------------------------------------------------------------------------------------------------

@article{vaswani2017attention,
  title={Attention is all you need},
  author={Vaswani, Ashish and Shazeer, Noam and Parmar, Niki and Uszkoreit, Jakob and Jones, Llion and Gomez, Aidan N and Kaiser, {\L}ukasz and Polosukhin, Illia},
  journal={Advances in neural information processing systems},
  volume={30},
  year={2017}

}

%-----------------------------------------------------------------------------------------------------------------------

@inproceedings{parmar2018image,
  title={Image transformer},
  author={Parmar, Niki and Vaswani, Ashish and Uszkoreit, Jakob and Kaiser, Lukasz and Shazeer, Noam and Ku, Alexander and Tran, Dustin},
  booktitle={International conference on machine learning},
  pages={4055--4064},
  year={2018},
  organization={PMLR}
}

%-----------------------------------------------------------------------------------------------------------------------

@article{lu2019vilbert,
  title={Vilbert: Pretraining task-agnostic visiolinguistic representations for vision-and-language tasks},
  author={Lu, Jiasen and Batra, Dhruv and Parikh, Devi and Lee, Stefan},
  journal={Advances in neural information processing systems},
  volume={32},
  year={2019}
}

%-----------------------------------------------------------------------------------------------------------------------

@article{huang2020pixel,
  title={Pixel-bert: Aligning image pixels with text by deep multi-modal transformers},
  author={Huang, Zhicheng and Zeng, Zhaoyang and Liu, Bei and Fu, Dongmei and Fu, Jianlong},
  journal={arXiv preprint arXiv:2004.00849},
  year={2020}
}

%-----------------------------------------------------------------------------------------------------------------------

@article{wang2020vd,
  title={Vd-bert: A unified vision and dialog transformer with bert},
  author={Wang, Yue and Joty, Shafiq and Lyu, Michael R and King, Irwin and Xiong, Caiming and Hoi, Steven CH},
  journal={arXiv preprint arXiv:2004.13278},
  year={2020}
}

%-----------------------------------------------------------------------------------------------------------------------

@inproceedings{huang-etal-2019-unicoder,
    title = "{U}nicoder: A Universal Language Encoder by Pre-training with Multiple Cross-lingual Tasks",
    author = "Huang, Haoyang  and
      Liang, Yaobo  and
      Duan, Nan  and
      Gong, Ming  and
      Shou, Linjun  and
      Jiang, Daxin  and
      Zhou, Ming",
    booktitle = "Proceedings of the 2019 Conference on Empirical Methods in Natural Language Processing and the 9th International Joint Conference on Natural Language Processing (EMNLP-IJCNLP)",
    month = nov,
    year = "2019",
    address = "Hong Kong, China",
    publisher = "Association for Computational Linguistics",
    url = "https://aclanthology.org/D19-1252",
    doi = "10.18653/v1/D19-1252",
    pages = "2485--2494",
    abstract = "We present Unicoder, a universal language encoder that is insensitive to different languages. Given an arbitrary NLP task, a model can be trained with Unicoder using training data in one language and directly applied to inputs of the same task in other languages. Comparing to similar efforts such as Multilingual BERT and XLM , three new cross-lingual pre-training tasks are proposed, including cross-lingual word recovery, cross-lingual paraphrase classification and cross-lingual masked language model. These tasks help Unicoder learn the mappings among different languages from more perspectives. We also find that doing fine-tuning on multiple languages together can bring further improvement. Experiments are performed on two tasks: cross-lingual natural language inference (XNLI) and cross-lingual question answering (XQA), where XLM is our baseline. On XNLI, 1.8{\%} averaged accuracy improvement (on 15 languages) is obtained. On XQA, which is a new cross-lingual dataset built by us, 5.5{\%} averaged accuracy improvement (on French and German) is obtained.",
}

%-----------------------------------------------------------------------------------------------------------------------

@article{su2019vl,
  title={Vl-bert: Pre-training of generic visual-linguistic representations},
  author={Su, Weijie and Zhu, Xizhou and Cao, Yue and Li, Bin and Lu, Lewei and Wei, Furu and Dai, Jifeng},
  journal={arXiv preprint arXiv:1908.08530},
  year={2019}
}

%-----------------------------------------------------------------------------------------------------------------------

@article{qi2020imagebert,
  title={Imagebert: Cross-modal pre-training with large-scale weak-supervised image-text data},
  author={Qi, Di and Su, Lin and Song, Jia and Cui, Edward and Bharti, Taroon and Sacheti, Arun},
  journal={arXiv preprint arXiv:2001.07966},
  year={2020}
}

%-----------------------------------------------------------------------------------------------------------------------

@inproceedings{gao2020fashionbert,
  title={Fashionbert: Text and image matching with adaptive loss for cross-modal retrieval},
  author={Gao, Dehong and Jin, Linbo and Chen, Ben and Qiu, Minghui and Li, Peng and Wei, Yi and Hu, Yi and Wang, Hao},
  booktitle={Proceedings of the 43rd International ACM SIGIR Conference on Research and Development in Information Retrieval},
  pages={2251--2260},
  year={2020}
}

%-----------------------------------------------------------------------------------------------------------------------

@article{li2019visualbert,
  title={Visualbert: A simple and performant baseline for vision and language},
  author={Li, Liunian Harold and Yatskar, Mark and Yin, Da and Hsieh, Cho-Jui and Chang, Kai-Wei},
  journal={arXiv preprint arXiv:1908.03557},
  year={2019}
}

%-----------------------------------------------------------------------------------------------------------------------

@inproceedings{chen2020uniter,
  title={Uniter: Universal image-text representation learning},
  author={Chen, Yen-Chun and Li, Linjie and Yu, Licheng and El Kholy, Ahmed and Ahmed, Faisal and Gan, Zhe and Cheng, Yu and Liu, Jingjing},
  booktitle={Computer Vision--ECCV 2020: 16th European Conference, Glasgow, UK, August 23--28, 2020, Proceedings, Part XXX},
  pages={104--120},
  year={2020},
  organization={Springer}
}

%-----------------------------------------------------------------------------------------------------------------------

@article{tan2019lxmert,
  title={Lxmert: Learning cross-modality encoder representations from transformers},
  author={Tan, Hao and Bansal, Mohit},
  journal={arXiv preprint arXiv:1908.07490},
  year={2019}
}

%-----------------------------------------------------------------------------------------------------------------------

@article{li2022mplug,
  title={mPLUG: Effective and Efficient Vision-Language Learning by Cross-modal Skip-connections},
  author={Li, Chenliang and Xu, Haiyang and Tian, Junfeng and Wang, Wei and Yan, Ming and Bi, Bin and Ye, Jiabo and Chen, Hehong and Xu, Guohai and Cao, Zheng and others},
  journal={arXiv preprint arXiv:2205.12005},
  year={2022}
}

%-----------------------------------------------------------------------------------------------------------------------
%-----------------------------------------------------------------------------------------------------------------------
